% This is BibLaTeX!

@online{ciagoals,
    title = {The {CIA} principle},
    url = {https://www.doc.ic.ac.uk/~ajs300/security/CIA.htm},
    urldate = {2019-07-01},
}
@online{forkmultithread,
    title = {The Open Group Base Specifications Issue 6 IEEE Std 1003.1},
    subtitle = {fork - create a new process},
    year = 2004,
    url = {http://pubs.opengroup.org/onlinepubs/000095399/functions/fork.html},
    urldate = {2019-07-19},
}

@online{lwckernelrepo,
    title = {lwC kernel Git Repository},
    %title = {lwC kernel Git Repository - diff 816162fb8eb1d226fbbbc24abe74844466da0f81..origin/OSDI16},
    url = {git://jameslitton.net/lwckernel.git},
    urldate = {2019-05-12},
}

@online{lwclibsrepo,
    title = {lwC user-space libraries},
    url = {git://jameslitton.net/lwclibs.git},
    urldate = {2019-05-12},
}
